<record><leader>00000cas a22000007a 4500</leader><controlfield tag="001">12726615</controlfield><controlfield tag="008">851028d19161942ksuwr ne      0    0eng d</controlfield><controlfield tag="009">3789</controlfield><datafield ind1=" " ind2=" " tag="010"><subfield code="a">sn 85032593 </subfield></datafield><datafield ind1=" " ind2=" " tag="040"><subfield code="a">KSH</subfield><subfield code="b">eng</subfield><subfield code="c">KSH</subfield><subfield code="d">NPT</subfield><subfield code="d">DLC</subfield><subfield code="d">OCLCQ</subfield><subfield code="d">DLC</subfield></datafield><datafield ind1=" " ind2=" " tag="042"><subfield code="a">msc</subfield></datafield><datafield ind1="0" ind2="4" tag="245"><subfield code="a">The Collyer advance.</subfield></datafield><datafield ind1=" " ind2=" " tag="260"><subfield code="a">Collyer, Kan. :</subfield><subfield code="b">Collyer Pub. Co.,</subfield><subfield code="c">1916-1942.</subfield></datafield><datafield ind1=" " ind2=" " tag="300"><subfield code="a">26 v. :</subfield><subfield code="b">ill. ;</subfield><subfield code="c">52 cm.</subfield></datafield><datafield ind1=" " ind2=" " tag="310"><subfield code="a">Weekly</subfield></datafield><datafield ind1="0" ind2=" " tag="362"><subfield code="a">Vol. 1, no. 1 (July 20, 1916)-26th year, no. 45 (Dec. 25, 1942).</subfield></datafield><datafield ind1=" " ind2=" " tag="752"><subfield code="a">United States</subfield><subfield code="b">Kansas</subfield><subfield code="c">Trego</subfield><subfield code="d">Collyer.</subfield></datafield><datafield ind1="0" ind2="4" tag="785"><subfield code="t">Western Kansas world</subfield><subfield code="x">2163-6877</subfield><subfield code="w">(DLC)sn 82015485</subfield><subfield code="w">(OCoLC)8817652</subfield></datafield></record>